@misc{MAXIMA,
	key="{M}axima",
	title="{M}axima",
	howpublished="\url{http://maxima.sourceforge.net/}",
}
@misc{OPENSOURCE,
	key="{T}he {O}pen {S}ource {I}nitiative",
	title="{T}he {O}pen {S}ource {I}nitiative",
	howpublished="\url{http://www.opensource.org/}",
}
@misc{wxMAXIMA,
	key="wx{M}axima",
	title="wx{M}axima",
	howpublished="\url{http://wxmaxima.sourceforge.net/}",
}
@misc{GNUPLOT,
	key="{G}nuplot",
	title="{G}nuplot",
	howpublished="\url{http://www.gnuplot.info/}",
}
@misc{PQ-QP,
	key="pq-qp",
	title="{P}ortale didattico {P}{Q}-{Q}{P}",
	howpublished="\url{http://people.na.infn.it/~pq-qp/}",
	author="Corso di Laurea in Fisica; Universit\`a degli Studi di Napoli ``Federico II''",
}
@inbook{CALDIROLA_GEN,
	author="P. Caldirola AND R. Cirelli AND G. M. Prosperi",
	title="Introduzione alla Fisica Teorica",
	publisher="UTET",
	chapter="VIII",
	year="2000",
	address="Torino",
}
@inbook{CALDIROLA_SPETTRALE,
	author="P. Caldirola AND R. Cirelli AND G. M. Prosperi",
	title="Introduzione alla Fisica Teorica",
	publisher="UTET",
	chapter="VI.A.3",
	year="2000",
	address="Torino",
}
@book{VON_NEUMANN,
	author={J. Von Neumann},
	title={Mathematical Foundations of Quantum Mechanics},
	publisher={Princeton University Press},
	year="1996",
}
@inbook{MERZBACHER_WAVES,
        author="E. Merzbacher",
        title="Quantum Mechanics",
        publisher="John Wiley \& Sons",
        chapter="2.1",
        year="1961",
        address="New York",
}

